@article{EssmannSPME,
	author = "Essmann, Ulrich and Perera, Lalith and Berkowitz, Max L. and Darden, Tom and Lee, Hsing and Pedersen, Lee G.",
	title = "A smooth particle mesh Ewald method",
	journal = "The Journal of Chemical Physics",
	year = "1995",
	volume = "103",
	number = "19", 
	pages = "8577-8593",
	url = "http://scitation.aip.org/content/aip/journal/jcp/103/19/10.1063/1.470117",
	doi = "http://dx.doi.org/10.1063/1.470117" 
}

@article{DardenPME,
	author = "Darden, Tom and York, Darrin and Pedersen, Lee",
	title = "Particle mesh Ewald: An $N\cdot\ln (N)$ method for Ewald sums in large systems",
	journal = "The Journal of Chemical Physics",
	year = "1993",
	volume = "98",
	number = "12", 
	pages = "10089-10092",
	url = "http://scitation.aip.org/content/aip/journal/jcp/98/12/10.1063/1.464397",
	doi = "http://dx.doi.org/10.1063/1.464397" 
}

@article{Cisneros,
	author = {G. Andrés Cisneros and Mikko Karttunen and Pengyu Ren and Celeste Sagui},
	title = {Classical Electrostatics for Biomolecular Simulations},
	journal = {Chemical Reviews},
	volume = {114},
	number = {1},
	pages = {779-814},
	year = {2014},
	URL = {http://dx.doi.org/10.1021/cr300461d},
	doi = {http://dx.doi.org/10.1021/cr300461d}
}

@book{Frenkel,
	title={Understanding Molecular Simulation: From Algorithms to Applications},
	author={Frenkel, D. and Smit, B.},
	isbn={9780080519982},
	lccn={2001091477},
	series={Computational science series},
	url={https://books.google.it/books?id=5qTzldS9ROIC},
	year={2001},
	publisher={Elsevier Science}
}

@book{Leach,
	title={Molecular Modelling: Principles and Applications},
	author={Leach, A. R.},
	isbn={9780582382107},
	lccn={00046480},
	series={Pearson Education},
	url={https://books.google.it/books?id=kB7jsbV-uhkC},
	year={2001},
	publisher={Prentice Hall}
}

@article{Martini,
	author = {Marrink, S. J. and Risselada, H. J. and Yefimov, S. and Tieleman, D. P. and Alex H. de Vries†},
	title = {The MARTINI Force Field: Coarse Grained Model for Biomolecular Simulations},
	journal = {The Journal of Physical Chemistry B},
	volume = {111},
	number = {27},
	pages = {7812-7824},
	year = {2007},
	URL = {http://dx.doi.org/10.1021/jp071097f},
	doi = {http://dx.doi.org/10.1021/jp071097f}
}

@article{MartiniProtein,
	author = {Luca Monticelli and Senthil K. Kandasamy and Xavier Periole and Ronald G. Larson and D. Peter Tieleman and Siewert-Jan Marrink},
	title = {The MARTINI Coarse-Grained Force Field: Extension to Proteins},
	journal = {Journal of Chemical Theory and Computation},
	volume = {4},
	number = {5},
	pages = {819-834},
	year = {2008},
	doi = {10.1021/ct700324x},
	URL = {http://dx.doi.org/10.1021/ct700324x},
	doi = {http://dx.doi.org/10.1021/ct700324x}
}

@article{MartiniCarbo,
	author = {Cesar A. López and Andrzej J. Rzepiela and Alex H. de Vries and Lubbert Dijkhuizen and Philippe H. Hünenberger and Siewert J. Marrink},
	title = {Martini Coarse-Grained Force Field: Extension to Carbohydrates},
	journal = {Journal of Chemical Theory and Computation},
	volume = {5},
	number = {12},
	pages = {3195-3210},
	year = {2009},
	doi = {10.1021/ct900313w},
	URL = {http://dx.doi.org/10.1021/ct900313w},
	epridoint = {http://dx.doi.org/10.1021/ct900313w}
}

@Article{MartiniPolymers,
	author ="Rossi, Giulia and Monticelli, Luca and Puisto, Sakari R. and Vattulainen, Ilpo and Ala-Nissila, Tapio",
	title  ="Coarse-graining polymers with the MARTINI force-field: polystyrene as a benchmark case",
	journal  ="Soft Matter",
	year  ="2011",
	volume  ="7",
	issue  ="2",
	pages  ="698-708",
	publisher  ="The Royal Society of Chemistry",
	doi  ="10.1039/C0SM00481B",
	url  ="http://dx.doi.org/10.1039/C0SM00481B",
}

@article{PW,
    author = {Yesylevskyy, Semen O. AND Schäfer, Lars V. AND Sengupta, Durba AND Marrink, Siewert J.},
    journal = {PLoS Comput Biol},
    publisher = {Public Library of Science},
    title = {Polarizable Water Model for the Coarse-Grained MARTINI Force Field},
    year = {2010},
    month = {06},
    volume = {6},
    url = {http://dx.doi.org/10.1371%2Fjournal.pcbi.1000810},
    pages = {1-17},
    number = {6},
    doi = {10.1371/journal.pcbi.1000810}
}

@Article{MartiniReview,
	author ="Marrink, Siewert J. and Tieleman, D. Peter",
	title  ="Perspective on the Martini model",
	journal  ="Chem. Soc. Rev.",
	year  ="2013",
	volume  ="42",
	issue  ="16",
	pages  ="6801-6822",
	publisher  ="The Royal Society of Chemistry",
	doi  ="10.1039/C3CS60093A",
	url  ="http://dx.doi.org/10.1039/C3CS60093A",
}

@article{VerletList,
	title = {Computer "Experiments" on Classical Fluids. II. Equilibrium Correlation Functions},
	author = {Verlet, L.},
	journal = {Phys. Rev.},
	volume = {165},
	issue = {1},
	pages = {201--214},
	numpages = {0},
	year = {1968},
	month = {Jan},
	publisher = {American Physical Society},
	doi = {10.1103/PhysRev.165.201},
	url = {http://link.aps.org/doi/10.1103/PhysRev.165.201}
}

@book{Tuckerman,
	title={Statistical Mechanics: Theory and Molecular Simulation},
	author={Tuckerman, M.},
	isbn={9780191523465},
	series={Oxford Graduate Texts},
	url={https://books.google.it/books?id=Lo3Jqc0pgrcC},
	year={2010},
	publisher={OUP Oxford}
}

@book{Allen,
	title={Computer Simulation of Liquids},
	author={Allen, M.P. and Tildesley, D.J.},
	isbn={9780198556459},
	lccn={87001555},
	series={Oxford Science Publ},
	url={https://books.google.it/books?id=O32VXB9e5P4C},
	year={1989},
	publisher={Clarendon Press}
}

@article{Bussi,
	author = "Bussi, Giovanni and Donadio, Davide and Parrinello, Michele",
	title = "Canonical sampling through velocity rescaling",
	journal = "The Journal of Chemical Physics",
	year = "2007",
	volume = "126",
	number = "1", 
	eid = 014101,
	url = "http://scitation.aip.org/content/aip/journal/jcp/126/1/10.1063/1.2408420",
	doi = "http://dx.doi.org/10.1063/1.2408420" 
}

@article{ParrinelloBarostat1,
	title = {Crystal Structure and Pair Potentials: A Molecular-Dynamics Study},
	author = {Parrinello, M. and Rahman, A.},
	journal = {Phys. Rev. Lett.},
	volume = {45},
	issue = {14},
	pages = {1196--1199},
	year = {1980},
	month = {Oct},
	publisher = {American Physical Society},
	doi = {10.1103/PhysRevLett.45.1196},
	url = {http://link.aps.org/doi/10.1103/PhysRevLett.45.1196}
}

@article{ParrinelloBarostat2,
	author = "Parrinello, M. and Rahman, A.",
	title = "Polymorphic transitions in single crystals: A new molecular dynamics method",
	journal = "Journal of Applied Physics",
	year = "1981",
	volume = "52",
	number = "12", 
	pages = "7182-7190",
	url = "http://scitation.aip.org/content/aip/journal/jap/52/12/10.1063/1.328693",
	doi = "http://dx.doi.org/10.1063/1.328693"
}

@article{MetadReview,
	author={Alessandro Laio and Francesco L. Gervasio},
	title={Metadynamics: a method to simulate rare events and reconstruct the free energy in biophysics, chemistry and material science},
	journal={Reports on Progress in Physics},
	volume={71},
	number={12},
	pages={126601},
	url={http://stacks.iop.org/0034-4885/71/i=12/a=126601},
		year={2008},
}
	
@article{MetadParrinello,
	author = {Laio, Alessandro and Parrinello, Michele}, 
	title = {Escaping free-energy minima},
	volume = {99}, 
	number = {20}, 
	pages = {12562-12566}, 
	year = {2002}, 
	doi = {10.1073/pnas.202427399}, 
	URL = {http://www.pnas.org/content/99/20/12562.abstract}, 
	journal = {Proceedings of the National Academy of Sciences},
}

@article{MetadError,
	author = {Laio, Alessandro and Rodriguez-Fortea, Antonio and Gervasio, Francesco Luigi and Ceccarelli, Matteo and Parrinello, Michele},
	title = {Assessing the Accuracy of Metadynamics},
	journal = {The Journal of Physical Chemistry B},
	volume = {109},
	number = {14},
	pages = {6714-6721},
	year = {2005},
	doi = {10.1021/jp045424k},
	URL = {http://dx.doi.org/10.1021/jp045424k},
}


@article {Umbrella,
	author = {Kästner, Johannes},
	title = {Umbrella sampling},
	journal = {Wiley Interdisciplinary Reviews: Computational Molecular Science},
	volume = {1},
	number = {6},
	publisher = {John Wiley & Sons, Inc.},
	issn = {1759-0884},
	url = {http://dx.doi.org/10.1002/wcms.66},
	doi = {10.1002/wcms.66},
	pages = {932--942},
	year = {2011},
}

@article{WHAM,
	title = "The calculation of the potential of mean force using computer simulations",
	journal = "Computer Physics Communications",
	volume = "91",
	number = "1",
	pages = "275 - 282",
	year = "1995",
	issn = "0010-4655",
	doi = "http://dx.doi.org/10.1016/0010-4655(95)00053-I",
	url = "http://www.sciencedirect.com/science/article/pii/001046559500053I",
	author = "Benoît Roux",
}

@article{gWHAM,
	author = {Jochen S. Hub and Bert L. de Groot and David van der Spoel},
	title = {g\_wham-A Free Weighted Histogram Analysis Implementation Including Robust Error and Autocorrelation 	Estimates},
	journal = {Journal of Chemical Theory and Computation},
	volume = {6},
	number = {12},
	pages = {3713-3720},
	year = {2010},
	doi = {10.1021/ct100494z},
	URL = {http://dx.doi.org/10.1021/ct100494z},
}

@article{metaUSComparison,
	author = "Bochicchio, Davide and Panizon, Emanuele and Ferrando, Riccardo and Monticelli, Luca and Rossi, Giulia",
	title = "Calculating the free energy of transfer of small solutes into a model lipid membrane: Comparison between metadynamics and umbrella sampling",
	journal = "The Journal of Chemical Physics",
	year = "2015",
	volume = "143",
	number = "14", 
	eid = 144108,
	url = "http://scitation.aip.org/content/aip/journal/jcp/143/14/10.1063/1.4932159",
	doi = "http://dx.doi.org/10.1063/1.4932159" 
}

@article{corePassivated,
	author = "Häkkinen, Hannu",
	title = "The gold-sulfur interface at the nanoscale",
	journal = "Nature Chemistry",
	volume = "4",
	pages = {443-455},
	url = "http://dx.doi.org/10.1038/nchem.1352",
	doi = "10.1038/nchem.1352",
}

@mastersthesis{simonelliThesis,
	author = "Simonelli, Federica",
	title = "A computational study of the interaction between metal nanoparticles and model cell membranes",
	school = "Università degli Studi di Genova",
	year = "2015"
}

@article{ourPaper,
	author = {Federica Simonelli and Davide Bochicchio and Riccardo Ferrando and Giulia Rossi},
	title = {Monolayer-Protected Anionic Au Nanoparticles Walk into Lipid Membranes Step by Step},
	journal = {The Journal of Physical Chemistry Letters},
	volume = {6},
	number = {16},
	pages = {3175-3179},
	year = {2015},
	doi = {10.1021/acs.jpclett.5b01469},
	URL = {http://dx.doi.org/10.1021/acs.jpclett.5b01469},
}